@article{this,
options = {skipbib },
year = {2021},
title = {Preparation of a California Canopy Height Model},
author = {Fabian DÃ¶weler and Ian Reese},
}
